@INPROCEEDINGS{Lavalle00rapidly-exploringrandom,
    author = {Steven M. Lavalle and James J. Kuffner and Jr.},
    title = {Rapidly-Exploring Random Trees: Progress and Prospects},
    booktitle = {Algorithmic and Computational Robotics: New Directions},
    year = {2000},
    pages = {293--308}
}

